<collection xmlns="http://www.loc.gov/MARC21/slim">
<record>
  <leader>01492nam0a22002651i 450 </leader>
  <controlfield tag="001">IT\ICCU\CNCE\042892</controlfield>
  <controlfield tag="005">20010213000000.0</controlfield>
  <datafield tag="012" ind1=" " ind2=" ">
    <subfield code="a">x.i: s.i. sean plse (C) 1507 (R)</subfield>
    <subfield code="2">fei</subfield>
  </datafield>
  <datafield tag="100" ind1=" " ind2=" ">
    <subfield code="a">19981216d1507        0itac0103    ba</subfield>
  </datafield>
  <datafield tag="101" ind1=" " ind2=" ">
    <subfield code="a">ITA</subfield>
  </datafield>
  <datafield tag="102" ind1=" " ind2=" ">
    <subfield code="a">IT</subfield>
  </datafield>
  <datafield tag="200" ind1="1" ind2=" ">
    <subfield code="a">Paesi noaumente \!! retrouati. Et Nouo Mondo da Alberico Vesputio Florentiano intitulato / Montalboddo Francan</subfield>
  </datafield>
  <datafield tag="210" ind1=" " ind2=" ">
    <subfield code="e">Stampato in Vicentia</subfield>
    <subfield code="g">cum la impensa de Magistro Henrico Vicentino</subfield>
    <subfield code="g">&amp; diligente cura &amp; industria de Zanmaria suo fiol</subfield>
    <subfield code="h">nel 1507. a di III. de Nouembre</subfield>
  </datafield>
  <datafield tag="215" ind1=" " ind2=" ">
    <subfield code="a">\126! c.</subfield>
    <subfield code="d">4ʻ</subfield>
  </datafield>
  <datafield tag="620" ind1=" " ind2=" ">
    <subfield code="a">IT</subfield>
    <subfield code="d">Vicenza</subfield>
  </datafield>
  <datafield tag="700" ind1=" " ind2="0">
    <subfield code="a">Fracanzio</subfield>
    <subfield code="c"> : da#Montalboddo</subfield>
    <subfield code="3">IT\ICCU\CNCA\011409</subfield>
  </datafield>
  <datafield tag="712" ind1="0" ind2="0">
    <subfield code="a">Ca&apos;_Zeno, Enrico &amp; Ca&apos;_Zeno, Giovanni Maria</subfield>
    <subfield code="3">IT\ICCU\CNCT\003067</subfield>
    <subfield code="4">650</subfield>
  </datafield>
  <datafield tag="790" ind1=" " ind2="1">
    <subfield code="a">Montalboddo,</subfield>
    <subfield code="b">Fracanzano : da</subfield>
    <subfield code="3">IT\ICCU\CNCA\014673</subfield>
    <subfield code="z">Fracanzio : da#Montalboddo</subfield>
  </datafield>
  <datafield tag="791" ind1="0" ind2="0">
    <subfield code="a">Zeno, Enrico &amp; Sant&apos;Orso, Giovanni Maria</subfield>
    <subfield code="3">IT\ICCU\CNCT\001414</subfield>
    <subfield code="z">Ca&apos;_Zeno, Enrico &amp; Ca&apos;_Zeno, Giovanni Maria</subfield>
  </datafield>
  <datafield tag="791" ind1="0" ind2="0">
    <subfield code="a">Sant&apos;Orso, Giovanni Maria</subfield>
    <subfield code="3">IT\ICCU\CNCT\001415</subfield>
    <subfield code="z">Ca&apos;_Zeno, Enrico &amp; Ca&apos;_Zeno, Giovanni Maria</subfield>
  </datafield>
  <datafield tag="791" ind1="0" ind2="0">
    <subfield code="a">Ca&apos;_Zeno, Giovanni Maria</subfield>
    <subfield code="3">IT\ICCU\CNCT\003068</subfield>
    <subfield code="z">Ca&apos;_Zeno, Enrico &amp; Ca&apos;_Zeno, Giovanni Maria</subfield>
  </datafield>
  <datafield tag="801" ind1=" " ind2="3">
    <subfield code="a">IT</subfield>
    <subfield code="b">ICCU</subfield>
    <subfield code="c">20201114</subfield>
  </datafield>
  <datafield tag="899" ind1=" " ind2=" ">
    <subfield code="a">Biblioteca d&apos;arte del Museo civico Correr. Venezia</subfield>
    <subfield code="1">VE0039</subfield>
    <subfield code="2">VEA BC</subfield>
  </datafield>
  <datafield tag="899" ind1=" " ind2=" ">
    <subfield code="a">Biblioteca nazionale Marciana. Venezia</subfield>
    <subfield code="1">VE0049</subfield>
    <subfield code="2">VEA BM</subfield>
  </datafield>
  <datafield tag="921" ind1=" " ind2=" ">
    <subfield code="a">IT\ICCU\CNCM\000897</subfield>
    <subfield code="b">Cerchio doppio con croce doppia e iniziali R.V.</subfield>
    <subfield code="c">K348</subfield>
    <subfield code="c">V550</subfield>
    <subfield code="c">Z325</subfield>
    <subfield code="f">CERCHIO</subfield>
    <subfield code="f">CROCE</subfield>
    <subfield code="f">RV</subfield>
    <subfield code="g">1506-1509</subfield>
  </datafield>
</record>
</collection>
